@Article{Abazov:2008yf,
     author    = "Abazov, V. M. and others",
     collaboration = "D0",
     title     = "{ZZ ---> l+ l- v anti-v production in p anti-p collisions at s**(1/2) = 1.96-TeV}",
     journal   = "Phys. Rev.",
     volume    = "D78",
     year      = "2008",
     pages     = "072002",
     eprint    = "0808.0269",
     archivePrefix = "arXiv",
     primaryClass  =  "hep-ex",
     doi       = "10.1103/PhysRevD.78.072002",
     SLACcitation  = "%%CITATION = 0808.0269;%%"
}

@article{LHCHiggsCrossSectionWorkingGroup:2011ti,
    author  = "{LHC Higgs Cross Section Working Group} and Dittmaier, S. and Mariotti, C. and Passarino, G. and Tanaka (Eds.), R.",
    title   = "{Handbook of LHC Higgs Cross Sections: 1. Inclusive Observables}",
    journal = "CERN-2011-002",
    year    = "CERN, Geneva, 2011",
    eprint  = "1101.0593",
    archivePrefix = "arXiv",
    primaryClass  = "hep-ph",
}

@ARTICLE{CMS-TWIKI-GEN-xsec,
    AUTHOR        = "Chierici, R. and others",
    COLLABORATION = {CMS},
    TITLE         = "Standard Model Cross Sections for CMS at 7~TeV",
    Journal       = "CMS twiki",
    Volume        = "\href{https://twiki.cern.ch/twiki/bin/view/CMS/StandardModelCrossSections}{https://twiki.cern.ch/twiki/bin/view/CMS/StandardModelCrossSections}",
    YEAR          = "2010"    
}

@ARTICLE{CMS-TWIKI-PDWG,
    AUTHOR        = "CMS Collaboration",
    COLLABORATION = {CMS},
    TITLE         = "Physics Dataset Working Group",
    Journal       = "CMS twiki",
    Volume       = "\href{https://twiki.cern.ch/twiki/bin/view/CMS/PdwgMain}{https://twiki.cern.ch/twiki/bin/view/CMS/PdwgMain}",
    YEAR = "2010"
}

@ARTICLE{CMS-TWIKI-GEN-pileup,
    AUTHOR        = "Hildreth,~M.",
    COLLABORATION = {CMS},
    TITLE         = "Physics Validation: Pileup Studies",
    Journal       = "CMS twiki",
    Volume        = "\href{https://twiki.cern.ch/twiki/bin/viewauth/CMS/PileupInformation}{https://twiki.cern.ch/twiki/bin/viewauth/CMS/PileupInformation}",
    YEAR          = "2011"    
}

@ARTICLE{CMS-TWIKI-LumiCalc,
    AUTHOR        = "Xie,~Z. and others",
    COLLABORATION = {CMS},
    TITLE         = "The official CMS Luminosity Calculation ",
    Journal       = "CMS twiki",
    Volume        = "\href{https://twiki.cern.ch/twiki/bin/view/CMS/LumiCalc}{https://twiki.cern.ch/twiki/bin/view/CMS/LumiCalc}",
    YEAR          = "2010"    
}

@ARTICLE{CMS-TWIKI-VBTF11,
    AUTHOR        = "Cerati,~G. and others",
    COLLABORATION = {CMS},
    TITLE         = "Electron VBTF Selection for 2011 Data",
    Journal       = "CMS twiki",
    Volume        = "\href{https://twiki.cern.ch/twiki/bin/view/CMS/VbtfEleID2011}{https://twiki.cern.ch/twiki/bin/view/CMS/VbtfEleID2011}",
    YEAR          = "2011"    
}

@article{CMS-PAS-BTV-11-001,
      COLLABORATION ={CMS},
      title        = "Performance of the b-jet identification in CMS",
      journal      = "CMS Physics Analysis Summary",
      VOLUME       = "BTV-11-001",
      year         = "2011",
}


@Article{Khachatryan:2010fm,
     author    = "Khachatryan, Vardan and others",
    collaboration = "CMS",
     title     = "{Measurement of the Isolated Prompt Photon Production Cross
                  Section in pp Collisions at sqrt(s) = 7 TeV}",
     journal   = "Phys. Rev. Lett.",
     volume    = "106",
     year      = "2011",
     pages     = "082001",
     eprint    = "1012.0799",
     archivePrefix = "arXiv",
     primaryClass  =  "hep-ex",
     doi       = "10.1103/PhysRevLett.106.082001",
     SLACcitation  = "%%CITATION = 1012.0799;%%"
}
