@Article{Abazov:2008yf,
     author    = "Abazov, V. M. and others",
     collaboration = "D0",
     title     = "{ZZ $\rightarrow$ l$^{+}$ l$^{-}$ v anti-v production in p anti-p collisions at s$^{1/2}$ = 1.96~TeV}",
     journal   = "Phys. Rev.",
     volume    = "D78",
     year      = "2008",
     pages     = "072002",
     eprint    = "0808.0269",
     archivePrefix = "arXiv",
     primaryClass  =  "hep-ex",
     doi       = "10.1103/PhysRevD.78.072002",
     SLACcitation  = "%%CITATION = 0808.0269;%%"
}

@article{Banfi:2010cf,
      author         = "Banfi, A. and Redford, S. and Vesterinen, M. and Waller,
                        P. and Wyatt, T.R.",
      title          = "{Optimisation of variables for studying dilepton
                        transverse momentum distributions at hadron colliders}",
      journal        = "Eur.Phys.J.",
      volume         = "C71",
      pages          = "1600",
      doi            = "10.1140/epjc/s10052-011-1600-y",
      year           = "2011",
      eprint         = "1009.1580",
      archivePrefix  = "arXiv",
      primaryClass   = "hep-ex",
}

@article{Abazov:2010mk,
      author         = "Abazov, Victor Mukhamedovich and others",
      title          = "{Precise study of the $Z/\gamma^*$ boson transverse
                        momentum distribution in $p\bar{p}$ collisions using a
                        novel technique}",
      collaboration  = "D0 Collaboration",
      journal        = "Phys.Rev.Lett.",
      volume         = "106",
      pages          = "122001",
      doi            = "10.1103/PhysRevLett.106.122001",
      year           = "2011",
      eprint         = "1010.0262",
      archivePrefix  = "arXiv",
      primaryClass   = "hep-ex",
}

@article{LHCHiggsCrossSectionWorkingGroup:2011ti,
    author  = "{LHC Higgs Cross Section Working Group} and Dittmaier, S. and Mariotti, C. and Passarino, G. and Tanaka (Eds.), R.",
    title   = "{Handbook of LHC Higgs Cross Sections: 1. Inclusive Observables}",
    journal = "CERN-2011-002",
    year    = "CERN, Geneva, 2011",
    eprint  = "1101.0593",
    archivePrefix = "arXiv",
    primaryClass  = "hep-ph",
}

@ARTICLE{CMS-TWIKI-GEN-xsec,
    AUTHOR        = "Chierici, R. and others",
    COLLABORATION = {CMS},
    TITLE         = "Standard Model Cross Sections for CMS at 7~TeV",
    Journal       = "\href{https://twiki.cern.ch/twiki/bin/view/CMS/StandardModelCrossSections}{https://twiki.cern.ch/twiki/bin/view/CMS/StandardModelCrossSections}",
    YEAR          = "2010"    
}

@ARTICLE{CMS-TWIKI-GEN-xsecst,
    AUTHOR        = "Wagner,~J.",
    COLLABORATION = {CMS},
    TITLE         = "Single Top Cross sections (summer 2011 analyses)",
    Journal       = "\href{https://twiki.cern.ch/twiki/bin/view/CMS/SingleTopSigma}{https://twiki.cern.ch/twiki/bin/view/CMS/SingleTopSigma}",
    YEAR          = "2011"    
}

@ARTICLE{s:Giamm2010,
    AUTHOR        = "Giammanco,~A.",
    TITLE         = "tW as background to ttbar",
    Journal       = "\href{https://twiki.cern.ch/twiki/pub/CMS/SingleTopMC2011/Giammanco\_wt20apr2010.pdf}{https://twiki.cern.ch/twiki/pub/CMS/SingleTopMC2011/Giammanco\_wt20apr2010.pdf}",
    YEAR          = "2010"    
}


@ARTICLE{CMS-TWIKI-GEN-higgspt,
    AUTHOR        = "Euster,~J. and others",
    COLLABORATION = {CMS},
    TITLE         = "Higgs K-factors",
    Journal       = "\href{https://twiki.cern.ch/twiki/bin/view/CMS/HiggsWG/HiggsKfactors}{https://twiki.cern.ch/twiki/bin/view/CMS/HiggsWG/HiggsKfactors}",
    YEAR          = "2011"    
}

@ARTICLE{CMS-TWIKI-PDWG,
    AUTHOR        = "CMS Collaboration",
    COLLABORATION = {CMS},
    TITLE         = "Physics Dataset Working Group",
    Journal       = "\href{https://twiki.cern.ch/twiki/bin/view/CMS/PdwgMain}{https://twiki.cern.ch/twiki/bin/view/CMS/PdwgMain}",
    YEAR = "2010"
}

@ARTICLE{CMS-TWIKI-GEN-pileup,
    AUTHOR        = "Hildreth,~M.",
    COLLABORATION = {CMS},
    TITLE         = "Physics Validation: Pileup Studies",
    Journal       = "\href{https://twiki.cern.ch/twiki/bin/viewauth/CMS/PileupInformation}{https://twiki.cern.ch/twiki/bin/viewauth/CMS/PileupInformation}",
    YEAR          = "2011"    
}

@ARTICLE{CMS-TWIKI-LumiCalc,
    AUTHOR        = "Xie,~Z. and others",
    COLLABORATION = {CMS},
    TITLE         = "The official CMS Luminosity Calculation ",
    Journal       = "\href{https://twiki.cern.ch/twiki/bin/view/CMS/LumiCalc}{https://twiki.cern.ch/twiki/bin/view/CMS/LumiCalc}",
    YEAR          = "2010"    
}

@ARTICLE{CMS-TWIKI-VBTF11,
    AUTHOR        = "Cerati,~G. and others",
    COLLABORATION = {CMS},
    TITLE         = "Electron VBTF Selection for 2011 Data",
    Journal        = "\href{https://twiki.cern.ch/twiki/bin/view/CMS/VbtfEleID2011}{https://twiki.cern.ch/twiki/bin/view/CMS/VbtfEleID2011}",
    YEAR          = "2011"    
}

@article{CMS-PAS-BTV-11-001,
      COLLABORATION ={CMS},
      title        = "Performance of the b-jet identification in CMS",
      journal      = "CMS Physics Analysis Summary",
      VOLUME       = "BTV-11-001",
      year         = "2011",
}

@article{CMS-PAS-BTV-11-002,
      COLLABORATION ={CMS},
      title        = "Status of b-tagging tools for 2011 data analysis",
      journal      = "CMS Physics Analysis Summary",
      VOLUME       = "BTV-11-002",
      year         = "2011",
}

@Article{Cacciari:2007fd,
     author    = "Cacciari, Matteo and Salam, Gavin P.",
     title     = "{Pileup subtraction using jet areas}",
     journal   = "Phys. Lett.",
     volume    = "B659",
     year      = "2008",
     pages     = "119-126",
     eprint    = "0707.1378",
     archivePrefix = "arXiv",
     primaryClass  =  "hep-ph",
     doi       = "10.1016/j.physletb.2007.09.077",
     SLACcitation  = "%%CITATION = 0707.1378;%%"
}

@article{Cacciari:2006sm,
      author         = "Cacciari, Matteo",
      title          = "{FastJet: A Code for fast $k_t$ clustering, and more}",
      pages          = "487-490",
      year           = "2006",
      eprint         = "hep-ph/0607071",
      archivePrefix  = "arXiv",
      primaryClass   = "hep-ph",
}

@article{CMS-PAS-HIG-11-003,
      COLLABORATION ={CMS},
      title        = "Search for the Higgs Boson in the Fully Leptonic $W^+W^-$ Final State",
      year         = "2011",
      journal      = "CMS Physics Analysis Summary",
      VOLUME       = "HIG-11-003"
}

@Article{Khachatryan:2010fm,
     author    = "Khachatryan, Vardan and others",
    collaboration = "CMS",
     title     = "{Measurement of the Isolated Prompt Photon Production Cross
                  Section in pp Collisions at sqrt(s) = 7 TeV}",
     journal   = "Phys. Rev. Lett.",
     volume    = "106",
     year      = "2011",
     pages     = "082001",
     eprint    = "1012.0799",
     archivePrefix = "arXiv",
     primaryClass  =  "hep-ex",
     doi       = "10.1103/PhysRevLett.106.082001",
     SLACcitation  = "%%CITATION = 1012.0799;%%"
}

@Article{Hocker:2007ht,
     author    = "Hocker, Andreas and others",
     title     = "{TMVA: Toolkit for multivariate data analysis}",
     journal   = "PoS",
     volume    = "ACAT",
     year      = "2007",
     pages     = "040",
     eprint    = "physics/0703039",
     archivePrefix = "arXiv",
     SLACcitation  = "%%CITATION = PHYSICS/0703039;%%"
}

@article{Englert:2011pq,
      author         = "Englert, Christoph and Plehn, Tilman and Schichtel, Peter
                        and Schumann, Steffen",
      title          = "{Establishing Jet Scaling Patterns with a Photon}",
      year           = "2011",
      note           = "* Temporary entry *",
      eprint         = "1108.5473",
      archivePrefix  = "arXiv",
      primaryClass   = "hep-ph",
}

@ARTICLE{CMS-AN-2009-111,
   AUTHOR="Adam,~N. and Berryhill,~J. and Halyo,~V. and Hunt,~A. and Mishra,~K.",
   TITLE="Generic Tag and Probe Tool for Measuring Efficiency at CMS with Early Data",
   Journal= "CMS-AN",
   VOLUME="2009/111",
   YEAR="2009"
}

@ARTICLE{CMS-TWIKI-GEN-tandp,
    AUTHOR        = "Petrucciani,~G.",
    COLLABORATION = {CMS},
    TITLE         = "Tag and Probe",
    Journal       = "\href{https://twiki.cern.ch/twiki/bin/view/CMS/TagAndProbe}{https://twiki.cern.ch/twiki/bin/view/CMS/TagAndProbe}",
    YEAR          = "2011"    
}

@ARTICLE{CMS-TWIKI-GEN-jec,
    AUTHOR        = "Kousouris,~K. and others",
    COLLABORATION = {CMS},
    TITLE         = "Jet Energy Corrections",
    journal        = "\href{https://twiki.cern.ch/twiki/bin/view/CMSPublic/WorkBookJetEnergyCorrections}{https://twiki.cern.ch/twiki/bin/view/CMSPublic/WorkBookJetEnergyCorrections}",
    YEAR          = "2011"    
}

@ARTICLE{CMS-AN-2010-121,
    AUTHOR="Ciesielski,~R. and Held,~H. and Schieferdecker,~P. and Zielinski,~M.",
    TITLE="Jet Energy Resolutions Derived from QCD Simulation for the Analysis of First $\sqrt{s}$=7 TeV Collision Data",
    Journal= "CMS-AN",
    VOLUME="2010/121",
    YEAR="2010"
}

@ARTICLE{cvscode,
    AUTHOR        = "Silva,~P. and Cerminara,~G. and Quertenmont,~L.",
    TITLE         = "Analysis code",    
    journal       = "\href{http://cmssw.cvs.cern.ch/cgi-bin/cmssw.cgi/UserCode/CMG/CMGTools/HtoZZ2l2nu/}{http://cmssw.cvs.cern.ch/cgi-bin/cmssw.cgi/UserCode/CMG/CMGTools/HtoZZ2l2nu/}",
    YEAR          = "2011"    
}
